<record xmlns='http://www.loc.gov/MARC21/slim'><leader>01560cgm a2200373 a 4500</leader><controlfield tag='001'>4863801</controlfield><controlfield tag='005'>20141227162522.0</controlfield><controlfield tag='007'>vf|cbahou</controlfield><controlfield tag='008'>031014q19801989xx 064 e          vleng d</controlfield><datafield ind1=' ' ind2=' ' tag='035'><subfield code='a'>(OCoLC)64036337</subfield></datafield><datafield ind1=' ' ind2=' ' tag='035'><subfield code='a'>4863801</subfield></datafield><datafield ind1=' ' ind2=' ' tag='040'><subfield code='a'>NIC</subfield><subfield code='c'>NIC</subfield></datafield><datafield ind1='0' ind2='0' tag='245'><subfield code='a'>AS&amp;RC conference.</subfield><subfield code='n'>Tape 14</subfield><subfield code='h'>[videorecording] /</subfield><subfield code='c'>[Africana Studies and Research Center, Cornell University].</subfield></datafield><datafield ind1='3' ind2=' ' tag='246'><subfield code='a'>AS and RC Conference.</subfield><subfield code='n'>Tape 14</subfield></datafield><datafield ind1='1' ind2='3' tag='246'><subfield code='a'>Africana Studies and Research Center conference.</subfield><subfield code='n'>Tape 14</subfield></datafield><datafield ind1=' ' ind2=' ' tag='260'><subfield code='c'>[Between 1980 and 1989?]</subfield></datafield><datafield ind1=' ' ind2=' ' tag='300'><subfield code='a'>1 videocassette (64 min.) :</subfield><subfield code='b'>sd., col. ;</subfield><subfield code='c'>1/2 in.</subfield></datafield><datafield ind1=' ' ind2=' ' tag='538'><subfield code='a'>VHS.</subfield></datafield><datafield ind1=' ' ind2=' ' tag='500'><subfield code='a'>Title from label on videocassette.</subfield></datafield><datafield ind1='0' ind2=' ' tag='511'><subfield code='a'>Presented by Opoku Agyeman, W. Ofuatey-Kodjoe, Ronald Walters.</subfield></datafield><datafield ind1=' ' ind2=' ' tag='518'><subfield code='a'>Videotaped live at Africana Studies and Research Center, Cornell University.</subfield></datafield><datafield ind1=' ' ind2=' ' tag='520'><subfield code='a'>Explore the topic of Pan-Africanism and its implications for future African development.</subfield></datafield><datafield ind1=' ' ind2='0' tag='650'><subfield code='a'>Pan-Africanism</subfield><subfield code='v'>Congresses.</subfield></datafield><datafield ind1=' ' ind2='0' tag='650'><subfield code='a'>African Americans</subfield><subfield code='x'>Social conditions</subfield><subfield code='v'>Congresses.</subfield></datafield><datafield ind1=' ' ind2='7' tag='650'><subfield code='a'>African Americans</subfield><subfield code='x'>Social conditions</subfield><subfield code='2'>fast</subfield><subfield code='0'>(OCoLC)fst00799698</subfield></datafield><datafield ind1=' ' ind2='7' tag='650'><subfield code='a'>Pan-Africanism</subfield><subfield code='2'>fast</subfield><subfield code='0'>(OCoLC)fst01051896</subfield></datafield><datafield ind1=' ' ind2='7' tag='655'><subfield code='a'>Conference proceedings</subfield><subfield code='2'>fast</subfield><subfield code='0'>(OCoLC)fst01423772</subfield></datafield><datafield ind1='1' ind2=' ' tag='700'><subfield code='a'>Agyeman, Opoku,</subfield><subfield code='d'>1942-</subfield></datafield><datafield ind1='1' ind2=' ' tag='700'><subfield code='a'>Ofuatey-Kodjoe, W.</subfield></datafield><datafield ind1='1' ind2=' ' tag='700'><subfield code='a'>Walters, Ronald W.</subfield></datafield><datafield ind1='2' ind2=' ' tag='710'><subfield code='a'>Cornell University.</subfield><subfield code='b'>Africana Studies and Research Center.</subfield></datafield><datafield ind1='1' ind2=' ' tag='948'><subfield code='a'>20031014</subfield><subfield code='b'>o</subfield><subfield code='d'>sok1</subfield><subfield code='e'>lts</subfield></datafield><datafield ind1='2' ind2=' ' tag='948'><subfield code='a'>20040603</subfield><subfield code='b'>a</subfield><subfield code='d'>pd36</subfield><subfield code='e'>lts</subfield><subfield code='f'>?</subfield><subfield code='h'>?</subfield></datafield><datafield ind1='2' ind2=' ' tag='948'><subfield code='a'>20141227</subfield><subfield code='b'>m</subfield><subfield code='d'>batch</subfield><subfield code='e'>lts</subfield><subfield code='x'>addfast</subfield></datafield></record>